%YAML 1.1
%TAG !u! tag:unity3d.com,2011:
--- !u!1 &2042114761047226732
GameObject:
  m_ObjectHideFlags: 0
  m_CorrespondingSourceObject: {fileID: 0}
  m_PrefabInstance: {fileID: 0}
  m_PrefabAsset: {fileID: 0}
  serializedVersion: 6
  m_Component:
  - component: {fileID: 2042114761047226734}
  - component: {fileID: 2042114761047226733}
  - component: {fileID: 2042114761047226735}
  - component: {fileID: 2042114761047226720}
  m_Layer: 10
  m_Name: Karen
  m_TagString: Untagged
  m_Icon: {fileID: 0}
  m_NavMeshLayer: 0
  m_StaticEditorFlags: 0
  m_IsActive: 1
--- !u!4 &2042114761047226734
Transform:
  m_ObjectHideFlags: 0
  m_CorrespondingSourceObject: {fileID: 0}
  m_PrefabInstance: {fileID: 0}
  m_PrefabAsset: {fileID: 0}
  m_GameObject: {fileID: 2042114761047226732}
  m_LocalRotation: {x: -0, y: -0, z: -0, w: 1}
  m_LocalPosition: {x: -18.35, y: -2.98, z: -0.390625}
  m_LocalScale: {x: 0.7578291, y: 0.7578291, z: 1.0826131}
  m_Children:
  - {fileID: 9070166402485709689}
  - {fileID: 377294178645100069}
  m_Father: {fileID: 0}
  m_RootOrder: 0
  m_LocalEulerAnglesHint: {x: 0, y: 0, z: 0}
--- !u!212 &2042114761047226733
SpriteRenderer:
  m_ObjectHideFlags: 0
  m_CorrespondingSourceObject: {fileID: 0}
  m_PrefabInstance: {fileID: 0}
  m_PrefabAsset: {fileID: 0}
  m_GameObject: {fileID: 2042114761047226732}
  m_Enabled: 1
  m_CastShadows: 0
  m_ReceiveShadows: 0
  m_DynamicOccludee: 1
  m_MotionVectors: 1
  m_LightProbeUsage: 1
  m_ReflectionProbeUsage: 1
  m_RenderingLayerMask: 1
  m_RendererPriority: 0
  m_Materials:
  - {fileID: 10754, guid: 0000000000000000f000000000000000, type: 0}
  m_StaticBatchInfo:
    firstSubMesh: 0
    subMeshCount: 0
  m_StaticBatchRoot: {fileID: 0}
  m_ProbeAnchor: {fileID: 0}
  m_LightProbeVolumeOverride: {fileID: 0}
  m_ScaleInLightmap: 1
  m_PreserveUVs: 0
  m_IgnoreNormalsForChartDetection: 0
  m_ImportantGI: 0
  m_StitchLightmapSeams: 0
  m_SelectedEditorRenderState: 0
  m_MinimumChartSize: 4
  m_AutoUVMaxDistance: 0.5
  m_AutoUVMaxAngle: 89
  m_LightmapParameters: {fileID: 0}
  m_SortingLayerID: -166171685
  m_SortingLayer: 8
  m_SortingOrder: 0
  m_Sprite: {fileID: 21300000, guid: be32022d210d7d04ea1e3cd6a45addf1, type: 3}
  m_Color: {r: 1, g: 1, b: 1, a: 1}
  m_FlipX: 0
  m_FlipY: 0
  m_DrawMode: 0
  m_Size: {x: 1.36, y: 4.17}
  m_AdaptiveModeThreshold: 0.5
  m_SpriteTileMode: 0
  m_WasSpriteAssigned: 1
  m_MaskInteraction: 0
  m_SpriteSortPoint: 0
--- !u!95 &2042114761047226735
Animator:
  serializedVersion: 3
  m_ObjectHideFlags: 0
  m_CorrespondingSourceObject: {fileID: 0}
  m_PrefabInstance: {fileID: 0}
  m_PrefabAsset: {fileID: 0}
  m_GameObject: {fileID: 2042114761047226732}
  m_Enabled: 1
  m_Avatar: {fileID: 0}
  m_Controller: {fileID: 9100000, guid: f008539053eed16479c9411eda0a4576, type: 2}
  m_CullingMode: 0
  m_UpdateMode: 0
  m_ApplyRootMotion: 0
  m_LinearVelocityBlending: 0
  m_WarningMessage: 
  m_HasTransformHierarchy: 1
  m_AllowConstantClipSamplingOptimization: 1
  m_KeepAnimatorControllerStateOnDisable: 0
--- !u!114 &2042114761047226720
MonoBehaviour:
  m_ObjectHideFlags: 0
  m_CorrespondingSourceObject: {fileID: 0}
  m_PrefabInstance: {fileID: 0}
  m_PrefabAsset: {fileID: 0}
  m_GameObject: {fileID: 2042114761047226732}
  m_Enabled: 1
  m_EditorHideFlags: 0
  m_Script: {fileID: 11500000, guid: f4994f437b0f96e49b7cb04eaec887e3, type: 3}
  m_Name: 
  m_EditorClassIdentifier: 
  health: 1
  score: 10
  highScore: {fileID: 0}
  speed: 2
  goRight: 1
  destroyObject: {fileID: 8866981214991245763}
  layerMask:
    serializedVersion: 2
    m_Bits: 256
  raycastPoint: {fileID: 377294178645100069}
--- !u!1 &7319723340490509353
GameObject:
  m_ObjectHideFlags: 0
  m_CorrespondingSourceObject: {fileID: 0}
  m_PrefabInstance: {fileID: 0}
  m_PrefabAsset: {fileID: 0}
  serializedVersion: 6
  m_Component:
  - component: {fileID: 377294178645100069}
  m_Layer: 10
  m_Name: Raycast_Position
  m_TagString: Untagged
  m_Icon: {fileID: 0}
  m_NavMeshLayer: 0
  m_StaticEditorFlags: 0
  m_IsActive: 1
--- !u!4 &377294178645100069
Transform:
  m_ObjectHideFlags: 0
  m_CorrespondingSourceObject: {fileID: 0}
  m_PrefabInstance: {fileID: 0}
  m_PrefabAsset: {fileID: 0}
  m_GameObject: {fileID: 7319723340490509353}
  m_LocalRotation: {x: 0, y: 0, z: 0, w: 1}
  m_LocalPosition: {x: 0.09, y: -1.53, z: 0}
  m_LocalScale: {x: 1, y: 1, z: 1}
  m_Children: []
  m_Father: {fileID: 2042114761047226734}
  m_RootOrder: 1
  m_LocalEulerAnglesHint: {x: 0, y: 0, z: 0}
--- !u!1001 &2042114761341585850
PrefabInstance:
  m_ObjectHideFlags: 0
  serializedVersion: 2
  m_Modification:
    m_TransformParent: {fileID: 2042114761047226734}
    m_Modifications:
    - target: {fileID: 7028070386664153795, guid: 3fb81ac8db2f5674d84cb9011c14d40e,
        type: 3}
      propertyPath: m_LocalPosition.x
      value: 0.07
      objectReference: {fileID: 0}
    - target: {fileID: 7028070386664153795, guid: 3fb81ac8db2f5674d84cb9011c14d40e,
        type: 3}
      propertyPath: m_LocalPosition.y
      value: 0.27
      objectReference: {fileID: 0}
    - target: {fileID: 7028070386664153795, guid: 3fb81ac8db2f5674d84cb9011c14d40e,
        type: 3}
      propertyPath: m_LocalPosition.z
      value: 0
      objectReference: {fileID: 0}
    - target: {fileID: 7028070386664153795, guid: 3fb81ac8db2f5674d84cb9011c14d40e,
        type: 3}
      propertyPath: m_LocalRotation.x
      value: -0
      objectReference: {fileID: 0}
    - target: {fileID: 7028070386664153795, guid: 3fb81ac8db2f5674d84cb9011c14d40e,
        type: 3}
      propertyPath: m_LocalRotation.y
      value: -0
      objectReference: {fileID: 0}
    - target: {fileID: 7028070386664153795, guid: 3fb81ac8db2f5674d84cb9011c14d40e,
        type: 3}
      propertyPath: m_LocalRotation.z
      value: -0
      objectReference: {fileID: 0}
    - target: {fileID: 7028070386664153795, guid: 3fb81ac8db2f5674d84cb9011c14d40e,
        type: 3}
      propertyPath: m_LocalRotation.w
      value: 1
      objectReference: {fileID: 0}
    - target: {fileID: 7028070386664153795, guid: 3fb81ac8db2f5674d84cb9011c14d40e,
        type: 3}
      propertyPath: m_RootOrder
      value: 0
      objectReference: {fileID: 0}
    - target: {fileID: 7028070386664153795, guid: 3fb81ac8db2f5674d84cb9011c14d40e,
        type: 3}
      propertyPath: m_LocalEulerAnglesHint.x
      value: 0
      objectReference: {fileID: 0}
    - target: {fileID: 7028070386664153795, guid: 3fb81ac8db2f5674d84cb9011c14d40e,
        type: 3}
      propertyPath: m_LocalEulerAnglesHint.y
      value: 0
      objectReference: {fileID: 0}
    - target: {fileID: 7028070386664153795, guid: 3fb81ac8db2f5674d84cb9011c14d40e,
        type: 3}
      propertyPath: m_LocalEulerAnglesHint.z
      value: 0
      objectReference: {fileID: 0}
    - target: {fileID: 7447498999894222969, guid: 3fb81ac8db2f5674d84cb9011c14d40e,
        type: 3}
      propertyPath: m_Name
      value: VirusAura
      objectReference: {fileID: 0}
    - target: {fileID: 7447498999894222969, guid: 3fb81ac8db2f5674d84cb9011c14d40e,
        type: 3}
      propertyPath: m_Layer
      value: 10
      objectReference: {fileID: 0}
    - target: {fileID: 7646905335887067220, guid: 3fb81ac8db2f5674d84cb9011c14d40e,
        type: 3}
      propertyPath: m_Offset.y
      value: -0.25079787
      objectReference: {fileID: 0}
    - target: {fileID: 7646905335887067220, guid: 3fb81ac8db2f5674d84cb9011c14d40e,
        type: 3}
      propertyPath: m_Size.y
      value: 4.9684906
      objectReference: {fileID: 0}
    - target: {fileID: 7646905335887067220, guid: 3fb81ac8db2f5674d84cb9011c14d40e,
        type: 3}
      propertyPath: m_Offset.x
      value: 0.074309945
      objectReference: {fileID: 0}
    - target: {fileID: 7646905335887067220, guid: 3fb81ac8db2f5674d84cb9011c14d40e,
        type: 3}
      propertyPath: m_Size.x
      value: 3.7913802
      objectReference: {fileID: 0}
    m_RemovedComponents: []
  m_SourcePrefab: {fileID: 100100000, guid: 3fb81ac8db2f5674d84cb9011c14d40e, type: 3}
--- !u!1 &8866981214991245763 stripped
GameObject:
  m_CorrespondingSourceObject: {fileID: 7447498999894222969, guid: 3fb81ac8db2f5674d84cb9011c14d40e,
    type: 3}
  m_PrefabInstance: {fileID: 2042114761341585850}
  m_PrefabAsset: {fileID: 0}
--- !u!4 &9070166402485709689 stripped
Transform:
  m_CorrespondingSourceObject: {fileID: 7028070386664153795, guid: 3fb81ac8db2f5674d84cb9011c14d40e,
    type: 3}
  m_PrefabInstance: {fileID: 2042114761341585850}
  m_PrefabAsset: {fileID: 0}
